@Book{keynes2007general,
  title = {The General Theory of Employment, Interest, and Money},
  author = {John Maynard Keynes and Paul R. Krugman},
  year = {2007},
  publisher = {{Palgrave Macmillan}},
  address = {{Houndmills, Basingstoke, Hamshire ; New York, NY}},
  isbn = {978-0-230-00476-4},
  keywords = {Economics,Interest,Monetary policy,Money},
  lccn = {HB171 .K45 2007},
}
@Book{appiah2018lies,
  title = {The {{Lies That Bind}}: {{Rethinking Identity}}},
  shorttitle = {The {{Lies That Bind}}},
  author = {Kwame Anthony Appiah},
  year = {2018},
  edition = {eBook},
  publisher = {{Liveright Publishing Corporation}},
  address = {{New York}},
  isbn = {978-1-63149-384-3},
  language = {en},
  lccn = {LCC BD236 .A58 2018},
}
